<?xml version="1.0" encoding="UTF-8"?><collection xmlns="http://www.loc.gov/MARC21/slim"><record><leader>00653nam--2200193-i-4500</leader><controlfield tag="001">000017868</controlfield><controlfield tag="002">20161230</controlfield><controlfield tag="005">20161230201032</controlfield><controlfield tag="008">060222s1000------------r-----000-0-eng-d</controlfield><datafield ind1=" " ind2=" " tag="040"><subfield code="a">IFIN-HH</subfield></datafield><datafield ind1=" " ind2=" " tag="080"><subfield code="a">621.039.83</subfield></datafield><datafield ind1="1" ind2=" " tag="100"><subfield code="a">Anderson, L.A</subfield></datafield><datafield ind1="1" ind2="0" tag="245"><subfield code="a">Plant cell culture</subfield><subfield code="c">L.a. anderson; j. berlin; c.a. lambe; m. misawa; j.d. phillipson; m.f. roberts; a. rosevear; f. sasse; y. yamada (with contributions by)</subfield></datafield><datafield ind1=" " ind2=" " tag="260"><subfield code="a">Berlin</subfield><subfield code="b">Springer - Verlag</subfield><subfield code="c">1985</subfield></datafield><datafield ind1=" " ind2=" " tag="300"><subfield code="a">140P</subfield></datafield><datafield ind1=" " ind2=" " tag="490"><subfield code="a">Advances In Biochemical Engineering/Biotechnology</subfield><subfield code="v">Vol. 31</subfield></datafield><datafield ind1="1" ind2=" " tag="700"><subfield code="a">Yamada, Y</subfield><subfield code="e">Contributor</subfield></datafield><datafield ind1=" " ind2=" " tag="852"><subfield code="a">79324</subfield><subfield code="c">577.1</subfield></datafield><datafield ind1=" " ind2=" " tag="CAT"><subfield code="a">Sys</subfield><subfield code="c">20110411</subfield><subfield code="h">110344</subfield></datafield></record></collection>